<?xml version="1.0" encoding="UTF-8"?><collection xmlns="http://www.loc.gov/MARC21/slim"><record><leader>00585nam--2200193-i-4500</leader><controlfield tag="001">000004583</controlfield><controlfield tag="002">20161230</controlfield><controlfield tag="005">20161230201026</controlfield><controlfield tag="008">060222s1000------------r-----000-0-rus-d</controlfield><datafield ind1=" " ind2=" " tag="040"><subfield code="a">IFIN-HH</subfield></datafield><datafield ind1=" " ind2=" " tag="041"><subfield code="a">rus</subfield></datafield><datafield ind1=" " ind2=" " tag="080"><subfield code="a">539.216.2</subfield></datafield><datafield ind1="1" ind2=" " tag="100"><subfield code="a">Kazmerski, Lawrence L</subfield></datafield><datafield ind1="1" ind2="0" tag="245"><subfield code="a">Tonkie polikristalliceskie i amorfie plenki</subfield><subfield code="b">Fizika i primenenia</subfield><subfield code="c">Lawrence l. kazmerski (ed.)</subfield></datafield><datafield ind1=" " ind2=" " tag="260"><subfield code="a">Moskva</subfield><subfield code="b">Mir</subfield><subfield code="c">1983</subfield></datafield><datafield ind1=" " ind2=" " tag="300"><subfield code="a">304P</subfield></datafield><datafield ind1=" " ind2=" " tag="500"><subfield code="a">Titlul In Limna Engleza: Polycrystalline And Amorphous Thin Films And Devices</subfield></datafield><datafield ind1=" " ind2=" " tag="852"><subfield code="a">71924</subfield><subfield code="c">539.217</subfield></datafield><datafield ind1=" " ind2=" " tag="CAT"><subfield code="a">Sys</subfield><subfield code="c">20121210</subfield><subfield code="h">165908</subfield></datafield></record></collection>